<?xml version="1.0" encoding="UTF-8"?><collection xmlns="http://www.loc.gov/MARC21/slim"><record><leader>00582nam--2200181-i-4500</leader><controlfield tag="001">000015851</controlfield><controlfield tag="002">20161230</controlfield><controlfield tag="005">20161230201031</controlfield><controlfield tag="008">060222s1000------------r-----000-0-fre-d</controlfield><datafield ind1=" " ind2=" " tag="040"><subfield code="a">IFIN-HH</subfield></datafield><datafield ind1=" " ind2=" " tag="041"><subfield code="a">fre</subfield></datafield><datafield ind1=" " ind2=" " tag="080"><subfield code="a">539.123(043)</subfield></datafield><datafield ind1="1" ind2=" " tag="100"><subfield code="a">Bernardi, Gregorio</subfield></datafield><datafield ind1="1" ind2="0" tag="245"><subfield code="a">Mesure du flux de v2 dans le faisceau de neutr ins de basse energie du ps: interpretation dan s le cadre d une oscillation v </subfield><subfield code="b">These</subfield><subfield code="c">Gregorio bernardi</subfield></datafield><datafield ind1=" " ind2=" " tag="260"><subfield code="a">Paris</subfield><subfield code="b">Universite Pierre Et Marie Curie</subfield><subfield code="c">1985</subfield></datafield><datafield ind1=" " ind2=" " tag="300"><subfield code="a">IV + 175 P</subfield></datafield><datafield ind1=" " ind2=" " tag="852"><subfield code="a">74063</subfield><subfield code="c">539.12</subfield></datafield><datafield ind1=" " ind2=" " tag="CAT"><subfield code="a">Sys</subfield><subfield code="c">20120113</subfield><subfield code="h">132506</subfield></datafield></record></collection>